<?xml version="1.0" encoding="UTF-8"?><record xmlns="http://www.loc.gov/MARC21/slim" xmlns:cinclude="http://apache.org/cocoon/include/1.0" xmlns:zs="http://www.loc.gov/zing/srw/">
  <leader>00449nz  a2200145n  4500</leader>
  <controlfield tag="001">no2010140595</controlfield>
  <controlfield tag="003">DLC</controlfield>
  <controlfield tag="005">20100829075246.0</controlfield>
  <controlfield tag="008">100827n| acannaabn          |n aaa     c</controlfield>
  <datafield tag="010" ind1=" " ind2=" ">
    <subfield code="a">no2010140595</subfield>
  </datafield>
  <datafield tag="035" ind1=" " ind2=" ">
    <subfield code="a">(OCoLC)oca08607113</subfield>
  </datafield>
  <datafield tag="040" ind1=" " ind2=" ">
    <subfield code="a">KU</subfield>
    <subfield code="b">eng</subfield>
    <subfield code="c">KU</subfield>
  </datafield>
  <datafield tag="100" ind1="1" ind2=" ">
    <subfield code="a">Shdanoff, George,</subfield>
    <subfield code="d">1905-1998</subfield>
  </datafield>
  <datafield tag="670" ind1=" " ind2=" ">
    <subfield code="a">From Russia to Hollywood, 2009?:</subfield>
    <subfield code="b">title frame (George Shdanoff)</subfield>
  </datafield>
  <datafield tag="670" ind1=" " ind2=" ">
    <subfield code="a">IMDb, via WWW, Aug. 24, 2010:</subfield>
    <subfield code="b">(b. Dec. 5, 1905; d. Aug. 14, 1998)</subfield>
  </datafield>
</record>